<?xml version="1.0" encoding="UTF-8"?>
  <record xmlns="http://www.loc.gov/MARC21/slim" type="Authority">
    <leader>00000nz  a2200000nc 4500</leader>
    <controlfield tag="001">118797069</controlfield>
    <controlfield tag="003">DE-101</controlfield>
    <controlfield tag="005">20210818003338.0</controlfield>
    <controlfield tag="008">880701n||azznnaabn           | aaa    |c</controlfield>
    <datafield tag="024" ind1="7" ind2=" ">
      <subfield code="a">118797069</subfield>
      <subfield code="0">http://d-nb.info/gnd/118797069</subfield>
      <subfield code="2">gnd</subfield>
    </datafield>
    <datafield tag="035" ind1=" " ind2=" ">
      <subfield code="a">(DE-101)118797069</subfield>
    </datafield>
    <datafield tag="035" ind1=" " ind2=" ">
      <subfield code="a">(DE-588)118797069</subfield>
    </datafield>
    <datafield tag="035" ind1=" " ind2=" ">
      <subfield code="z">(DE-588)1157610471</subfield>
    </datafield>
    <datafield tag="035" ind1=" " ind2=" ">
      <subfield code="z">(DE-588)119831457</subfield>
    </datafield>
    <datafield tag="035" ind1=" " ind2=" ">
      <subfield code="z">(DE-588a)119831457</subfield>
      <subfield code="9">v:zg</subfield>
    </datafield>
    <datafield tag="035" ind1=" " ind2=" ">
      <subfield code="z">(DE-588)119831449</subfield>
    </datafield>
    <datafield tag="035" ind1=" " ind2=" ">
      <subfield code="z">(DE-588a)119831449</subfield>
      <subfield code="9">v:zg</subfield>
    </datafield>
    <datafield tag="035" ind1=" " ind2=" ">
      <subfield code="z">(DE-588)157575756</subfield>
    </datafield>
    <datafield tag="035" ind1=" " ind2=" ">
      <subfield code="z">(DE-588a)157575756</subfield>
      <subfield code="9">v:zg</subfield>
    </datafield>
    <datafield tag="035" ind1=" " ind2=" ">
      <subfield code="z">(DE-588a)118797069</subfield>
      <subfield code="9">v:zg</subfield>
    </datafield>
    <datafield tag="035" ind1=" " ind2=" ">
      <subfield code="z">(DE-588c)4112906-4</subfield>
      <subfield code="9">v:zg</subfield>
    </datafield>
    <datafield tag="040" ind1=" " ind2=" ">
      <subfield code="a">DE-101</subfield>
      <subfield code="c">DE-101</subfield>
      <subfield code="9">r:DE-101</subfield>
      <subfield code="b">ger</subfield>
      <subfield code="d">9999</subfield>
    </datafield>
    <datafield tag="042" ind1=" " ind2=" ">
      <subfield code="a">gnd1</subfield>
    </datafield>
    <datafield tag="043" ind1=" " ind2=" ">
      <subfield code="c">XT</subfield>
    </datafield>
    <datafield tag="065" ind1=" " ind2=" ">
      <subfield code="a">3.6p</subfield>
      <subfield code="2">sswd</subfield>
    </datafield>
    <datafield tag="065" ind1=" " ind2=" ">
      <subfield code="a">12.2p</subfield>
      <subfield code="2">sswd</subfield>
    </datafield>
    <datafield tag="075" ind1=" " ind2=" ">
      <subfield code="b">p</subfield>
      <subfield code="2">gndgen</subfield>
    </datafield>
    <datafield tag="075" ind1=" " ind2=" ">
      <subfield code="b">piz</subfield>
      <subfield code="2">gndspec</subfield>
    </datafield>
    <datafield tag="079" ind1=" " ind2=" ">
      <subfield code="a">g</subfield>
      <subfield code="q">s</subfield>
      <subfield code="q">f</subfield>
      <subfield code="q">p</subfield>
      <subfield code="q">a</subfield>
      <subfield code="q">t</subfield>
      <subfield code="u">v</subfield>
      <subfield code="u">w</subfield>
    </datafield>
    <datafield tag="100" ind1="1" ind2=" ">
      <subfield code="a">Sidonius, Gaius Sollius Apollinaris</subfield>
      <subfield code="d">431-487</subfield>
    </datafield>
    <datafield tag="377" ind1=" " ind2="7">
      <subfield code="a">lat</subfield>
      <subfield code="2">iso639-2b</subfield>
    </datafield>
    <datafield tag="400" ind1="1" ind2=" ">
      <subfield code="a">Apolinar, Sidonio</subfield>
      <subfield code="d">431-487</subfield>
    </datafield>
    <datafield tag="400" ind1="0" ind2=" ">
      <subfield code="a">Sidonio Apolinar</subfield>
      <subfield code="d">431-487</subfield>
    </datafield>
    <datafield tag="400" ind1="1" ind2=" ">
      <subfield code="a">Sidonius, Apollinaris</subfield>
      <subfield code="d">431-487</subfield>
      <subfield code="9">v:M</subfield>
    </datafield>
    <datafield tag="400" ind1="1" ind2=" ">
      <subfield code="a">Sidonius, Gaius S.</subfield>
      <subfield code="d">431-487</subfield>
    </datafield>
    <datafield tag="400" ind1="0" ind2=" ">
      <subfield code="a">Gaius Sollius Modestus Apollinaris</subfield>
      <subfield code="c">Sidonius</subfield>
      <subfield code="d">431-487</subfield>
    </datafield>
    <datafield tag="400" ind1="0" ind2=" ">
      <subfield code="a">Sollius</subfield>
      <subfield code="c">Apollinaris</subfield>
      <subfield code="d">431-487</subfield>
    </datafield>
    <datafield tag="400" ind1="0" ind2=" ">
      <subfield code="a">Sidonius Apollinaris</subfield>
      <subfield code="d">431-487</subfield>
    </datafield>
    <datafield tag="400" ind1="1" ind2=" ">
      <subfield code="a">Apollinaris Sidonius, Gaius S.</subfield>
      <subfield code="d">431-487</subfield>
    </datafield>
    <datafield tag="400" ind1="1" ind2=" ">
      <subfield code="a">Apollinarius, Gaius</subfield>
      <subfield code="d">431-487</subfield>
    </datafield>
    <datafield tag="400" ind1="0" ind2=" ">
      <subfield code="a">Sidoine</subfield>
      <subfield code="c">Apollinaire</subfield>
      <subfield code="d">431-487</subfield>
    </datafield>
    <datafield tag="400" ind1="0" ind2=" ">
      <subfield code="a">Sidonio</subfield>
      <subfield code="c">Apolinar</subfield>
      <subfield code="d">431-487</subfield>
    </datafield>
    <datafield tag="400" ind1="1" ind2=" ">
      <subfield code="a">Sidonio, Apolinar</subfield>
      <subfield code="d">431-487</subfield>
    </datafield>
    <datafield tag="400" ind1="1" ind2=" ">
      <subfield code="a">Apollinaris Sidonius, Gajus Sollius</subfield>
      <subfield code="d">431-487</subfield>
    </datafield>
    <datafield tag="400" ind1="1" ind2=" ">
      <subfield code="a">Sidonius, Gajus Sollius</subfield>
      <subfield code="d">431-487</subfield>
    </datafield>
    <datafield tag="400" ind1="0" ind2=" ">
      <subfield code="a">Apollinaris</subfield>
      <subfield code="c">Sidonius</subfield>
      <subfield code="d">431-487</subfield>
    </datafield>
    <datafield tag="400" ind1="1" ind2=" ">
      <subfield code="a">Apollinaris, Sidonius</subfield>
      <subfield code="d">431-487</subfield>
    </datafield>
    <datafield tag="400" ind1="0" ind2=" ">
      <subfield code="a">Sidonius</subfield>
      <subfield code="c">Apollinaris</subfield>
      <subfield code="d">431-487</subfield>
    </datafield>
    <datafield tag="400" ind1="0" ind2=" ">
      <subfield code="a">Sidonius</subfield>
      <subfield code="c">Arvernicus</subfield>
      <subfield code="d">431-487</subfield>
    </datafield>
    <datafield tag="400" ind1="0" ind2=" ">
      <subfield code="a">Sidonius</subfield>
      <subfield code="c">Clarimontanus</subfield>
      <subfield code="d">431-487</subfield>
    </datafield>
    <datafield tag="400" ind1="0" ind2=" ">
      <subfield code="a">Sidonius</subfield>
      <subfield code="c">von Clermont-Ferrand</subfield>
      <subfield code="d">431-487</subfield>
    </datafield>
    <datafield tag="400" ind1="0" ind2=" ">
      <subfield code="a">Sidonius</subfield>
      <subfield code="c">von Lugdunum</subfield>
      <subfield code="d">431-487</subfield>
    </datafield>
    <datafield tag="400" ind1="0" ind2=" ">
      <subfield code="a">Sidonius</subfield>
      <subfield code="c">von Lyon</subfield>
      <subfield code="d">431-487</subfield>
    </datafield>
    <datafield tag="400" ind1="1" ind2=" ">
      <subfield code="a">Sidonius, Gaius Sollius Modestus Apollinaris</subfield>
      <subfield code="d">431-487</subfield>
    </datafield>
    <datafield tag="400" ind1="0" ind2=" ">
      <subfield code="a">Sidonius Apollinaris</subfield>
      <subfield code="c">Arvernicus</subfield>
      <subfield code="d">431-487</subfield>
    </datafield>
    <datafield tag="400" ind1="0" ind2=" ">
      <subfield code="a">Sollius Apollinaris</subfield>
      <subfield code="c">Sidonius</subfield>
      <subfield code="d">431-487</subfield>
    </datafield>
    <datafield tag="400" ind1="1" ind2=" ">
      <subfield code="a">Sollius Apollinaris, Sidonius</subfield>
      <subfield code="d">431-487</subfield>
    </datafield>
    <datafield tag="400" ind1="0" ind2=" ">
      <subfield code="a">Modestus</subfield>
      <subfield code="c">Sidonius</subfield>
      <subfield code="d">431-487</subfield>
    </datafield>
    <datafield tag="400" ind1="1" ind2=" ">
      <subfield code="a">Sidoine, Apollinaire</subfield>
      <subfield code="d">431-487</subfield>
    </datafield>
    <datafield tag="400" ind1="1" ind2=" ">
      <subfield code="a">Apollinaire, Sidoine</subfield>
      <subfield code="d">431-487</subfield>
    </datafield>
    <datafield tag="400" ind1="1" ind2=" ">
      <subfield code="a">Sidonio, Apollinare</subfield>
      <subfield code="d">431-487</subfield>
    </datafield>
    <datafield tag="400" ind1="0" ind2=" ">
      <subfield code="a">Sidonius</subfield>
      <subfield code="d">431-487</subfield>
    </datafield>
    <datafield tag="400" ind1="0" ind2=" ">
      <subfield code="a">Sidonius</subfield>
      <subfield code="c">Christian Writer</subfield>
      <subfield code="d">431-487</subfield>
    </datafield>
    <datafield tag="400" ind1="0" ind2=" ">
      <subfield code="a">Sidonius</subfield>
      <subfield code="c">Episcopus</subfield>
      <subfield code="d">431-487</subfield>
    </datafield>
    <datafield tag="400" ind1="0" ind2=" ">
      <subfield code="a">Sidonius</subfield>
      <subfield code="c">Bischof</subfield>
      <subfield code="d">431-487</subfield>
    </datafield>
    <datafield tag="400" ind1="1" ind2=" ">
      <subfield code="a">Sidonius, C. Sollius Apollinaris</subfield>
      <subfield code="d">431-487</subfield>
    </datafield>
    <datafield tag="400" ind1="1" ind2=" ">
      <subfield code="a">Sidonio Apollinare, Gaio Sollio Modesto</subfield>
      <subfield code="d">431-487</subfield>
    </datafield>
    <datafield tag="400" ind1="1" ind2=" ">
      <subfield code="a">Apollinaris Sidonius, Caius Sollius</subfield>
      <subfield code="d">431-487</subfield>
    </datafield>
    <datafield tag="400" ind1="1" ind2=" ">
      <subfield code="9">L:eng</subfield>
      <subfield code="a">Sidonius, Gaius Sollius</subfield>
      <subfield code="d">431-487</subfield>
      <subfield code="5">CH-GND</subfield>
    </datafield>
    <datafield tag="400" ind1="1" ind2=" ">
      <subfield code="9">L:fre</subfield>
      <subfield code="a">Sidonius, Gaius Sollius</subfield>
      <subfield code="d">431-487</subfield>
      <subfield code="5">CH-GND</subfield>
    </datafield>
    <datafield tag="400" ind1="0" ind2=" ">
      <subfield code="a">Gaius Sollius Modestus Apollinars</subfield>
      <subfield code="c">Sidonius</subfield>
      <subfield code="d">431-487</subfield>
    </datafield>
    <datafield tag="400" ind1="0" ind2=" ">
      <subfield code="a">Sidonius Apollinaris</subfield>
      <subfield code="c">Saint</subfield>
      <subfield code="d">431-487</subfield>
    </datafield>
    <datafield tag="400" ind1="1" ind2=" ">
      <subfield code="a">Sidonius, Gaius Sollius</subfield>
      <subfield code="d">431-487</subfield>
    </datafield>
    <datafield tag="548" ind1=" " ind2=" ">
      <subfield code="a">431-487</subfield>
      <subfield code="4">datl</subfield>
      <subfield code="4">https://d-nb.info/standards/elementset/gnd#dateOfBirthAndDeath</subfield>
      <subfield code="w">r</subfield>
      <subfield code="i">Lebensdaten</subfield>
      <subfield code="9">v:Geburts- u. Todesjahr ca.</subfield>
    </datafield>
    <datafield tag="548" ind1=" " ind2=" ">
      <subfield code="a">04-</subfield>
      <subfield code="4">datu</subfield>
      <subfield code="4">https://d-nb.info/standards/elementset/gnd#udkCode</subfield>
      <subfield code="w">r</subfield>
      <subfield code="i">UDK</subfield>
    </datafield>
    <datafield tag="667" ind1=" " ind2=" ">
      <subfield code="a">12-PMA</subfield>
    </datafield>
    <datafield tag="667" ind1=" " ind2=" ">
      <subfield code="a">12</subfield>
    </datafield>
    <datafield tag="667" ind1=" " ind2=" ">
      <subfield code="a">384</subfield>
    </datafield>
    <datafield tag="667" ind1=" " ind2=" ">
      <subfield code="a">12-PAN</subfield>
    </datafield>
    <datafield tag="667" ind1=" " ind2=" ">
      <subfield code="a">VD-17</subfield>
    </datafield>
    <datafield tag="667" ind1=" " ind2=" ">
      <subfield code="a">TITAN;Maschinell verknuepft mit DBL-Retro-Titeldaten</subfield>
    </datafield>
    <datafield tag="667" ind1=" " ind2=" ">
      <subfield code="a">LCAuth-Hauptansetzung ergänzt</subfield>
    </datafield>
    <datafield tag="667" ind1=" " ind2=" ">
      <subfield code="a">Quelle: DNB-Normdaten (Info DNB: Z: 431-487 Z: Geburts- u. Todesjahr ca. D: Gallischer Dichter u. Theologe, seit 469 Bischof von Arverna/Clermont-Ferrand)</subfield>
    </datafield>
    <datafield tag="670" ind1=" " ind2=" ">
      <subfield code="a">PAN</subfield>
    </datafield>
    <datafield tag="670" ind1=" " ind2=" ">
      <subfield code="a">GND</subfield>
    </datafield>
    <datafield tag="672" ind1=" " ind2="0">
      <subfield code="a">De Theoderico rege Gothico</subfield>
      <subfield code="f">1617</subfield>
    </datafield>
    <datafield tag="672" ind1=" " ind2="0">
      <subfield code="a">Sidonius, Gaius S.: C. Sollii Sidonii Apollinaris ... Lucubrationes, Liberalium literar*. - 1597</subfield>
    </datafield>
    <datafield tag="672" ind1=" " ind2="0">
      <subfield code="a">Sidonius, Gaius S.: Opera. - 1609</subfield>
    </datafield>
    <datafield tag="678" ind1=" " ind2=" ">
      <subfield code="b">Gallischer Dichter u. Theologe, seit 469 Bischof von Arverna/Clermont-Ferrand</subfield>
    </datafield>
    <datafield tag="913" ind1=" " ind2=" ">
      <subfield code="S">pnd</subfield>
      <subfield code="i">a</subfield>
      <subfield code="a">Sidonius, Gaius Sollius Apollinaris</subfield>
      <subfield code="0">(DE-588a)118797069</subfield>
    </datafield>
    <datafield tag="913" ind1=" " ind2=" ">
      <subfield code="S">pnd</subfield>
      <subfield code="i">a</subfield>
      <subfield code="a">Sidonius, Gaius Sollius Apollinaris</subfield>
      <subfield code="0">(DE-588a)157575756</subfield>
    </datafield>
    <datafield tag="913" ind1=" " ind2=" ">
      <subfield code="S">pnd</subfield>
      <subfield code="i">a</subfield>
      <subfield code="a">Sidonius Apollinaris, Caius Sollius</subfield>
      <subfield code="0">(DE-588a)119831449</subfield>
    </datafield>
    <datafield tag="913" ind1=" " ind2=" ">
      <subfield code="S">pnd</subfield>
      <subfield code="i">a</subfield>
      <subfield code="a">Sidonius Apollonaris, Caius Sollius</subfield>
      <subfield code="0">(DE-588a)119831457</subfield>
    </datafield>
  </record>
